@misc{adaptrode,
    author = {George E. Mobus},
    month = "October",
    url = "http://faculty.washington.edu/gmobus/Adaptrode/Adaptrode1/adaptrode.html",
    title = "The Adaptrode Learning Mechanism",
    year = 1997,
}

@misc{mavric,
    author = {George E. Mobus},
    url = "http://faculty.washington.edu/gmobus/AdaptiveAgents/mavric.html",
    title = "{MAVRIC} -- Mobile Autonomous Vehicle for Research in Intelligent Control",
    year = 2001,
}

@INPROCEEDINGS{neural, 
    author={Arsan, T. and Ogrenci, A.S. and Saydam, T.}, 
    booktitle={Neural Networks, 2006. IJCNN '06. International Joint Conference on}, 
    title={A Systems Software Architecture for Training Neural, Fuzzy Neural and Genetic Computational Intelligent Networks}, 
    year={2006}, 
    month={}, 
    pages={5275-5280}, 
    keywords={distributed object management;fuzzy neural nets;genetic algorithms;learning (artificial intelligence);object-oriented programming;software architecture;distributed software management hierarchy;fuzzy neural network training;genetic computational intelligent network;object-oriented software engineering;systems software architecture;Buildings;Computer architecture;Computer networks;Fuzzy neural networks;Fuzzy systems;Genetics;Guidelines;Intelligent networks;Management training;System software}, 
    doi={10.1109/IJCNN.2006.247282},
}

@INPROCEEDINGS{remote, 
    author={Bo Qu and Daowei Fan}, 
    booktitle={Industrial and Information Systems (IIS), 2010 2nd International Conference on}, 
    title={Design of remote data monitoring and recording system based on ARM}, 
    year={2010}, 
    month={July}, 
    volume={2}, 
    pages={252-255}, 
    keywords={data recording;hypermedia;local area networks;memory cards;microcontrollers;transport protocols;ARM;FAT file system;HTTP server;LM3S8962;SD Card;SPI interface;core processor;ethernet;recording system;remote data monitoring;PROM;ARM;FatFS;FreeRTOS;TCP/IP protocol Stack;remote data monitor}, 
    doi={10.1109/INDUSIS.2010.5565698},
}

@INPROCEEDINGS{cortex, 
    author={Rebel, G. and Estevez, F.J. and Tsekoura, I. and Schulz, I. and Glosekotter, P.}, 
    booktitle={Reconfigurable and Communication-Centric Systems-on-Chip (ReCoSoC), 2014 9th International Symposium on}, 
    title={Interrupt aware queue implementation for energy efficient multitasking systems based on Cortex-M3 architecture}, 
    year={2014}, 
    month={May}, 
    pages={1-7}, 
    keywords={microcontrollers;multiprogramming;queueing theory;random-access storage;synchronisation;Cortex-M3 microcontroller architecture;FreeRTOS multitasking scheduler;RAM;embedded systems;energy efficient multitasking systems;interrupt aware queue implementation;low-level synchronization commands;Buffer storage;Memory management;Multitasking;Random access memory;Runtime;Software;Communication;CortexM3;Embedded;FreeRTOS;Interrupt;Low Power;Multitasking;Queue;Software}, 
    doi={10.1109/ReCoSoC.2014.6861343},
}

@misc{mobot,
    author    = {Kevin Smith},
    title     = "``{Mobot}'' Robotic Vehicle",
    year     = 2014,
    note     = "Senior Project Preliminary Design Report",
}

@mastersthesis{shane,
    author    = {Shane Kwon and George Mobus and Adwoa Donyina},
    title     = "Refactoring and Improving an Adaptrode-based Brain Architecture",
    school    = "University of Washington Tacoma",
    year      = "2014",
}